@article{LSTM,
  title={Long short-term memory},
  author={Hochreiter, Sepp and Schmidhuber, J{\"u}rgen},
  journal={Neural computation},
  volume={9},
  number={8},
  pages={1735--1780},
  year={1997},
  publisher={MIT press}
}

@book{pure,
  title={Course of pure mathematics},
  author={Hardy, Godfrey Harold},
  year={2018},
  publisher={Courier Dover Publications}
}